%YAML 1.1
%TAG !u! tag:unity3d.com,2011:
--- !u!1 &2728429314785852201
GameObject:
  m_ObjectHideFlags: 0
  m_CorrespondingSourceObject: {fileID: 0}
  m_PrefabInstance: {fileID: 0}
  m_PrefabAsset: {fileID: 0}
  serializedVersion: 6
  m_Component:
  - component: {fileID: 9114391924516539675}
  - component: {fileID: 7198937702536202668}
  - component: {fileID: 2270260084532132418}
  - component: {fileID: 271379337203396180}
  - component: {fileID: 6863446589479072808}
  m_Layer: 5
  m_Name: 3d Player Area
  m_TagString: Untagged
  m_Icon: {fileID: 0}
  m_NavMeshLayer: 0
  m_StaticEditorFlags: 0
  m_IsActive: 1
--- !u!224 &9114391924516539675
RectTransform:
  m_ObjectHideFlags: 0
  m_CorrespondingSourceObject: {fileID: 0}
  m_PrefabInstance: {fileID: 0}
  m_PrefabAsset: {fileID: 0}
  m_GameObject: {fileID: 2728429314785852201}
  m_LocalRotation: {x: -0, y: -0, z: -0, w: 1}
  m_LocalPosition: {x: 0, y: 0, z: 0}
  m_LocalScale: {x: 1, y: 1, z: 1}
  m_Children:
  - {fileID: 2668733196554443586}
  - {fileID: 4509129022108444169}
  m_Father: {fileID: 0}
  m_RootOrder: 0
  m_LocalEulerAnglesHint: {x: 0, y: 0, z: 0}
  m_AnchorMin: {x: 0, y: 0}
  m_AnchorMax: {x: 0, y: 0}
  m_AnchoredPosition: {x: 0, y: 0}
  m_SizeDelta: {x: 0, y: 0}
  m_Pivot: {x: 0.5, y: 0.5}
--- !u!222 &7198937702536202668
CanvasRenderer:
  m_ObjectHideFlags: 0
  m_CorrespondingSourceObject: {fileID: 0}
  m_PrefabInstance: {fileID: 0}
  m_PrefabAsset: {fileID: 0}
  m_GameObject: {fileID: 2728429314785852201}
  m_CullTransparentMesh: 0
--- !u!114 &2270260084532132418
MonoBehaviour:
  m_ObjectHideFlags: 0
  m_CorrespondingSourceObject: {fileID: 0}
  m_PrefabInstance: {fileID: 0}
  m_PrefabAsset: {fileID: 0}
  m_GameObject: {fileID: 2728429314785852201}
  m_Enabled: 1
  m_EditorHideFlags: 0
  m_Script: {fileID: 11500000, guid: fe87c0e1cc204ed48ad3b37840f39efc, type: 3}
  m_Name: 
  m_EditorClassIdentifier: 
  m_Material: {fileID: 0}
  m_Color: {r: 1, g: 1, b: 1, a: 0.392}
  m_RaycastTarget: 1
  m_OnCullStateChanged:
    m_PersistentCalls:
      m_Calls: []
  m_Sprite: {fileID: 10907, guid: 0000000000000000f000000000000000, type: 0}
  m_Type: 1
  m_PreserveAspect: 0
  m_FillCenter: 1
  m_FillMethod: 4
  m_FillAmount: 1
  m_FillClockwise: 1
  m_FillOrigin: 0
  m_UseSpriteMesh: 0
  m_PixelsPerUnitMultiplier: 1
--- !u!114 &271379337203396180
MonoBehaviour:
  m_ObjectHideFlags: 0
  m_CorrespondingSourceObject: {fileID: 0}
  m_PrefabInstance: {fileID: 0}
  m_PrefabAsset: {fileID: 0}
  m_GameObject: {fileID: 2728429314785852201}
  m_Enabled: 1
  m_EditorHideFlags: 0
  m_Script: {fileID: 11500000, guid: 306cc8c2b49d7114eaa3623786fc2126, type: 3}
  m_Name: 
  m_EditorClassIdentifier: 
  m_IgnoreLayout: 0
  m_MinWidth: 450
  m_MinHeight: 50
  m_PreferredWidth: -1
  m_PreferredHeight: 1200
  m_FlexibleWidth: -1
  m_FlexibleHeight: -1
  m_LayoutPriority: 1
--- !u!114 &6863446589479072808
MonoBehaviour:
  m_ObjectHideFlags: 0
  m_CorrespondingSourceObject: {fileID: 0}
  m_PrefabInstance: {fileID: 0}
  m_PrefabAsset: {fileID: 0}
  m_GameObject: {fileID: 2728429314785852201}
  m_Enabled: 1
  m_EditorHideFlags: 0
  m_Script: {fileID: 11500000, guid: 59f8146938fff824cb5fd77236b75775, type: 3}
  m_Name: 
  m_EditorClassIdentifier: 
  m_Padding:
    m_Left: 0
    m_Right: 0
    m_Top: 0
    m_Bottom: 0
  m_ChildAlignment: 0
  m_Spacing: 0
  m_ChildForceExpandWidth: 1
  m_ChildForceExpandHeight: 1
  m_ChildControlWidth: 1
  m_ChildControlHeight: 1
  m_ChildScaleWidth: 0
  m_ChildScaleHeight: 0
--- !u!1 &4164300307742328228
GameObject:
  m_ObjectHideFlags: 0
  m_CorrespondingSourceObject: {fileID: 0}
  m_PrefabInstance: {fileID: 0}
  m_PrefabAsset: {fileID: 0}
  serializedVersion: 6
  m_Component:
  - component: {fileID: 4509129022108444169}
  - component: {fileID: 299571150695003363}
  - component: {fileID: 1557252253005166400}
  - component: {fileID: 6863446589470703951}
  m_Layer: 5
  m_Name: Player Panel
  m_TagString: Untagged
  m_Icon: {fileID: 0}
  m_NavMeshLayer: 0
  m_StaticEditorFlags: 0
  m_IsActive: 1
--- !u!224 &4509129022108444169
RectTransform:
  m_ObjectHideFlags: 0
  m_CorrespondingSourceObject: {fileID: 0}
  m_PrefabInstance: {fileID: 0}
  m_PrefabAsset: {fileID: 0}
  m_GameObject: {fileID: 4164300307742328228}
  m_LocalRotation: {x: -0, y: -0, z: -0, w: 1}
  m_LocalPosition: {x: 0, y: 0, z: 0}
  m_LocalScale: {x: 1, y: 1, z: 1}
  m_Children:
  - {fileID: 6863446590429943723}
  m_Father: {fileID: 9114391924516539675}
  m_RootOrder: 1
  m_LocalEulerAnglesHint: {x: 0, y: 0, z: 0}
  m_AnchorMin: {x: 0, y: 0}
  m_AnchorMax: {x: 0, y: 0}
  m_AnchoredPosition: {x: 0, y: 0}
  m_SizeDelta: {x: 0, y: 0}
  m_Pivot: {x: 0.5, y: 0.5}
--- !u!222 &299571150695003363
CanvasRenderer:
  m_ObjectHideFlags: 0
  m_CorrespondingSourceObject: {fileID: 0}
  m_PrefabInstance: {fileID: 0}
  m_PrefabAsset: {fileID: 0}
  m_GameObject: {fileID: 4164300307742328228}
  m_CullTransparentMesh: 0
--- !u!114 &1557252253005166400
MonoBehaviour:
  m_ObjectHideFlags: 0
  m_CorrespondingSourceObject: {fileID: 0}
  m_PrefabInstance: {fileID: 0}
  m_PrefabAsset: {fileID: 0}
  m_GameObject: {fileID: 4164300307742328228}
  m_Enabled: 1
  m_EditorHideFlags: 0
  m_Script: {fileID: 11500000, guid: fe87c0e1cc204ed48ad3b37840f39efc, type: 3}
  m_Name: 
  m_EditorClassIdentifier: 
  m_Material: {fileID: 0}
  m_Color: {r: 1, g: 1, b: 1, a: 1}
  m_RaycastTarget: 1
  m_OnCullStateChanged:
    m_PersistentCalls:
      m_Calls: []
  m_Sprite: {fileID: 0}
  m_Type: 1
  m_PreserveAspect: 0
  m_FillCenter: 1
  m_FillMethod: 4
  m_FillAmount: 1
  m_FillClockwise: 1
  m_FillOrigin: 0
  m_UseSpriteMesh: 0
  m_PixelsPerUnitMultiplier: 1
--- !u!114 &6863446589470703951
MonoBehaviour:
  m_ObjectHideFlags: 0
  m_CorrespondingSourceObject: {fileID: 0}
  m_PrefabInstance: {fileID: 0}
  m_PrefabAsset: {fileID: 0}
  m_GameObject: {fileID: 4164300307742328228}
  m_Enabled: 1
  m_EditorHideFlags: 0
  m_Script: {fileID: 11500000, guid: 306cc8c2b49d7114eaa3623786fc2126, type: 3}
  m_Name: 
  m_EditorClassIdentifier: 
  m_IgnoreLayout: 0
  m_MinWidth: -1
  m_MinHeight: -1
  m_PreferredWidth: -1
  m_PreferredHeight: 500
  m_FlexibleWidth: -1
  m_FlexibleHeight: -1
  m_LayoutPriority: 1
--- !u!1 &6863446589236665572
GameObject:
  m_ObjectHideFlags: 0
  m_CorrespondingSourceObject: {fileID: 0}
  m_PrefabInstance: {fileID: 0}
  m_PrefabAsset: {fileID: 0}
  serializedVersion: 6
  m_Component:
  - component: {fileID: 6863446589236665573}
  - component: {fileID: 6863446589236665576}
  - component: {fileID: 6863446589236665579}
  - component: {fileID: 6863446589236665578}
  - component: {fileID: 6863446589236665577}
  m_Layer: 5
  m_Name: Exit Button
  m_TagString: Untagged
  m_Icon: {fileID: 0}
  m_NavMeshLayer: 0
  m_StaticEditorFlags: 0
  m_IsActive: 1
--- !u!224 &6863446589236665573
RectTransform:
  m_ObjectHideFlags: 0
  m_CorrespondingSourceObject: {fileID: 0}
  m_PrefabInstance: {fileID: 0}
  m_PrefabAsset: {fileID: 0}
  m_GameObject: {fileID: 6863446589236665572}
  m_LocalRotation: {x: 0, y: 0, z: 0, w: 1}
  m_LocalPosition: {x: 0, y: 0, z: 0}
  m_LocalScale: {x: 1, y: 1, z: 1}
  m_Children:
  - {fileID: 6863446590895026916}
  m_Father: {fileID: 2668733196554443586}
  m_RootOrder: 1
  m_LocalEulerAnglesHint: {x: 0, y: 0, z: 0}
  m_AnchorMin: {x: 1, y: 1}
  m_AnchorMax: {x: 1, y: 1}
  m_AnchoredPosition: {x: -30, y: 70}
  m_SizeDelta: {x: 80, y: 80}
  m_Pivot: {x: 1, y: 1}
--- !u!222 &6863446589236665576
CanvasRenderer:
  m_ObjectHideFlags: 0
  m_CorrespondingSourceObject: {fileID: 0}
  m_PrefabInstance: {fileID: 0}
  m_PrefabAsset: {fileID: 0}
  m_GameObject: {fileID: 6863446589236665572}
  m_CullTransparentMesh: 0
--- !u!114 &6863446589236665579
MonoBehaviour:
  m_ObjectHideFlags: 0
  m_CorrespondingSourceObject: {fileID: 0}
  m_PrefabInstance: {fileID: 0}
  m_PrefabAsset: {fileID: 0}
  m_GameObject: {fileID: 6863446589236665572}
  m_Enabled: 1
  m_EditorHideFlags: 0
  m_Script: {fileID: 11500000, guid: fe87c0e1cc204ed48ad3b37840f39efc, type: 3}
  m_Name: 
  m_EditorClassIdentifier: 
  m_Material: {fileID: 0}
  m_Color: {r: 1, g: 1, b: 1, a: 1}
  m_RaycastTarget: 1
  m_OnCullStateChanged:
    m_PersistentCalls:
      m_Calls: []
  m_Sprite: {fileID: 10905, guid: 0000000000000000f000000000000000, type: 0}
  m_Type: 1
  m_PreserveAspect: 0
  m_FillCenter: 1
  m_FillMethod: 4
  m_FillAmount: 1
  m_FillClockwise: 1
  m_FillOrigin: 0
  m_UseSpriteMesh: 0
  m_PixelsPerUnitMultiplier: 1
--- !u!114 &6863446589236665578
MonoBehaviour:
  m_ObjectHideFlags: 0
  m_CorrespondingSourceObject: {fileID: 0}
  m_PrefabInstance: {fileID: 0}
  m_PrefabAsset: {fileID: 0}
  m_GameObject: {fileID: 6863446589236665572}
  m_Enabled: 1
  m_EditorHideFlags: 0
  m_Script: {fileID: 11500000, guid: 4e29b1a8efbd4b44bb3f3716e73f07ff, type: 3}
  m_Name: 
  m_EditorClassIdentifier: 
  m_Navigation:
    m_Mode: 3
    m_SelectOnUp: {fileID: 0}
    m_SelectOnDown: {fileID: 0}
    m_SelectOnLeft: {fileID: 0}
    m_SelectOnRight: {fileID: 0}
  m_Transition: 1
  m_Colors:
    m_NormalColor: {r: 1, g: 1, b: 1, a: 1}
    m_HighlightedColor: {r: 0.9607843, g: 0.9607843, b: 0.9607843, a: 1}
    m_PressedColor: {r: 0.78431374, g: 0.78431374, b: 0.78431374, a: 1}
    m_SelectedColor: {r: 0.9607843, g: 0.9607843, b: 0.9607843, a: 1}
    m_DisabledColor: {r: 0.78431374, g: 0.78431374, b: 0.78431374, a: 0.5019608}
    m_ColorMultiplier: 1
    m_FadeDuration: 0.1
  m_SpriteState:
    m_HighlightedSprite: {fileID: 0}
    m_PressedSprite: {fileID: 0}
    m_SelectedSprite: {fileID: 0}
    m_DisabledSprite: {fileID: 0}
  m_AnimationTriggers:
    m_NormalTrigger: Normal
    m_HighlightedTrigger: Highlighted
    m_PressedTrigger: Pressed
    m_SelectedTrigger: Selected
    m_DisabledTrigger: Disabled
  m_Interactable: 1
  m_TargetGraphic: {fileID: 6863446589236665579}
  m_OnClick:
    m_PersistentCalls:
      m_Calls:
      - m_Target: {fileID: 0}
        m_MethodName: DeAvtivatePlayerDetails
        m_Mode: 1
        m_Arguments:
          m_ObjectArgument: {fileID: 0}
          m_ObjectArgumentAssemblyTypeName: UnityEngine.Object, UnityEngine
          m_IntArgument: 0
          m_FloatArgument: 0
          m_StringArgument: 
          m_BoolArgument: 0
        m_CallState: 2
--- !u!114 &6863446589236665577
MonoBehaviour:
  m_ObjectHideFlags: 0
  m_CorrespondingSourceObject: {fileID: 0}
  m_PrefabInstance: {fileID: 0}
  m_PrefabAsset: {fileID: 0}
  m_GameObject: {fileID: 6863446589236665572}
  m_Enabled: 1
  m_EditorHideFlags: 0
  m_Script: {fileID: 11500000, guid: e19747de3f5aca642ab2be37e372fb86, type: 3}
  m_Name: 
  m_EditorClassIdentifier: 
  m_EffectColor: {r: 0, g: 0, b: 0, a: 0.5}
  m_EffectDistance: {x: 3, y: 3}
  m_UseGraphicAlpha: 1
--- !u!1 &6863446590429943722
GameObject:
  m_ObjectHideFlags: 0
  m_CorrespondingSourceObject: {fileID: 0}
  m_PrefabInstance: {fileID: 0}
  m_PrefabAsset: {fileID: 0}
  serializedVersion: 6
  m_Component:
  - component: {fileID: 6863446590429943723}
  m_Layer: 5
  m_Name: PlayerHolder
  m_TagString: Untagged
  m_Icon: {fileID: 0}
  m_NavMeshLayer: 0
  m_StaticEditorFlags: 0
  m_IsActive: 1
--- !u!224 &6863446590429943723
RectTransform:
  m_ObjectHideFlags: 0
  m_CorrespondingSourceObject: {fileID: 0}
  m_PrefabInstance: {fileID: 0}
  m_PrefabAsset: {fileID: 0}
  m_GameObject: {fileID: 6863446590429943722}
  m_LocalRotation: {x: 0, y: 0, z: 0, w: 1}
  m_LocalPosition: {x: 0, y: 0, z: 0}
  m_LocalScale: {x: 1, y: 1, z: 1}
  m_Children:
  - {fileID: 84010428846494603}
  - {fileID: 6863446590459818905}
  - {fileID: 6863446589091252111}
  m_Father: {fileID: 4509129022108444169}
  m_RootOrder: 0
  m_LocalEulerAnglesHint: {x: 0, y: 0, z: 0}
  m_AnchorMin: {x: 0.5, y: 0.5}
  m_AnchorMax: {x: 0.5, y: 0.5}
  m_AnchoredPosition: {x: 0, y: 0}
  m_SizeDelta: {x: 100, y: 100}
  m_Pivot: {x: 0.5, y: 0.5}
--- !u!1 &6863446590895026919
GameObject:
  m_ObjectHideFlags: 0
  m_CorrespondingSourceObject: {fileID: 0}
  m_PrefabInstance: {fileID: 0}
  m_PrefabAsset: {fileID: 0}
  serializedVersion: 6
  m_Component:
  - component: {fileID: 6863446590895026916}
  - component: {fileID: 6863446590895026922}
  - component: {fileID: 6863446590895026917}
  m_Layer: 5
  m_Name: X text
  m_TagString: Untagged
  m_Icon: {fileID: 0}
  m_NavMeshLayer: 0
  m_StaticEditorFlags: 0
  m_IsActive: 1
--- !u!224 &6863446590895026916
RectTransform:
  m_ObjectHideFlags: 0
  m_CorrespondingSourceObject: {fileID: 0}
  m_PrefabInstance: {fileID: 0}
  m_PrefabAsset: {fileID: 0}
  m_GameObject: {fileID: 6863446590895026919}
  m_LocalRotation: {x: 0, y: 0, z: 0, w: 1}
  m_LocalPosition: {x: 0, y: 0, z: 0}
  m_LocalScale: {x: 1, y: 1, z: 1}
  m_Children: []
  m_Father: {fileID: 6863446589236665573}
  m_RootOrder: 0
  m_LocalEulerAnglesHint: {x: 0, y: 0, z: 0}
  m_AnchorMin: {x: 0, y: 0}
  m_AnchorMax: {x: 1, y: 1}
  m_AnchoredPosition: {x: 0, y: 0}
  m_SizeDelta: {x: 0, y: 0}
  m_Pivot: {x: 0.5, y: 0.5}
--- !u!222 &6863446590895026922
CanvasRenderer:
  m_ObjectHideFlags: 0
  m_CorrespondingSourceObject: {fileID: 0}
  m_PrefabInstance: {fileID: 0}
  m_PrefabAsset: {fileID: 0}
  m_GameObject: {fileID: 6863446590895026919}
  m_CullTransparentMesh: 0
--- !u!114 &6863446590895026917
MonoBehaviour:
  m_ObjectHideFlags: 0
  m_CorrespondingSourceObject: {fileID: 0}
  m_PrefabInstance: {fileID: 0}
  m_PrefabAsset: {fileID: 0}
  m_GameObject: {fileID: 6863446590895026919}
  m_Enabled: 1
  m_EditorHideFlags: 0
  m_Script: {fileID: 11500000, guid: f4688fdb7df04437aeb418b961361dc5, type: 3}
  m_Name: 
  m_EditorClassIdentifier: 
  m_Material: {fileID: 0}
  m_Color: {r: 1, g: 1, b: 1, a: 1}
  m_RaycastTarget: 1
  m_OnCullStateChanged:
    m_PersistentCalls:
      m_Calls: []
  m_text: X
  m_isRightToLeft: 0
  m_fontAsset: {fileID: 11400000, guid: 8f586378b4e144a9851e7b34d9b748ee, type: 2}
  m_sharedMaterial: {fileID: 2180264, guid: 8f586378b4e144a9851e7b34d9b748ee, type: 2}
  m_fontSharedMaterials: []
  m_fontMaterial: {fileID: 0}
  m_fontMaterials: []
  m_fontColor32:
    serializedVersion: 2
    rgba: 4281479730
  m_fontColor: {r: 0.19607843, g: 0.19607843, b: 0.19607843, a: 1}
  m_enableVertexGradient: 0
  m_colorMode: 3
  m_fontColorGradient:
    topLeft: {r: 1, g: 1, b: 1, a: 1}
    topRight: {r: 1, g: 1, b: 1, a: 1}
    bottomLeft: {r: 1, g: 1, b: 1, a: 1}
    bottomRight: {r: 1, g: 1, b: 1, a: 1}
  m_fontColorGradientPreset: {fileID: 0}
  m_spriteAsset: {fileID: 0}
  m_tintAllSprites: 0
  m_overrideHtmlColors: 0
  m_faceColor:
    serializedVersion: 2
    rgba: 4294967295
  m_outlineColor:
    serializedVersion: 2
    rgba: 4278190080
  m_fontSize: 56
  m_fontSizeBase: 56
  m_fontWeight: 400
  m_enableAutoSizing: 0
  m_fontSizeMin: 18
  m_fontSizeMax: 72
  m_fontStyle: 1
  m_textAlignment: 514
  m_characterSpacing: 0
  m_wordSpacing: 0
  m_lineSpacing: 0
  m_lineSpacingMax: 0
  m_paragraphSpacing: 0
  m_charWidthMaxAdj: 0
  m_enableWordWrapping: 1
  m_wordWrappingRatios: 0.4
  m_overflowMode: 0
  m_firstOverflowCharacterIndex: -1
  m_linkedTextComponent: {fileID: 0}
  m_isLinkedTextComponent: 0
  m_isTextTruncated: 0
  m_enableKerning: 1
  m_enableExtraPadding: 0
  checkPaddingRequired: 0
  m_isRichText: 1
  m_parseCtrlCharacters: 1
  m_isOrthographic: 1
  m_isCullingEnabled: 0
  m_ignoreRectMaskCulling: 0
  m_ignoreCulling: 1
  m_horizontalMapping: 0
  m_verticalMapping: 0
  m_uvLineOffset: 0
  m_geometrySortingOrder: 0
  m_VertexBufferAutoSizeReduction: 1
  m_firstVisibleCharacter: 0
  m_useMaxVisibleDescender: 1
  m_pageToDisplay: 1
  m_margin: {x: 0, y: 0, z: 0, w: 0}
  m_textInfo:
    textComponent: {fileID: 6863446590895026917}
    characterCount: 1
    spriteCount: 0
    spaceCount: 0
    wordCount: 1
    linkCount: 0
    lineCount: 1
    pageCount: 1
    materialCount: 1
  m_isUsingLegacyAnimationComponent: 0
  m_isVolumetricText: 0
  m_spriteAnimator: {fileID: 0}
  m_hasFontAssetChanged: 0
  m_subTextObjects:
  - {fileID: 0}
  - {fileID: 0}
  - {fileID: 0}
  - {fileID: 0}
  - {fileID: 0}
  - {fileID: 0}
  - {fileID: 0}
  - {fileID: 0}
  m_baseMaterial: {fileID: 0}
  m_maskOffset: {x: 0, y: 0, z: 0, w: 0}
--- !u!1001 &4138205133115753199
PrefabInstance:
  m_ObjectHideFlags: 0
  serializedVersion: 2
  m_Modification:
    m_TransformParent: {fileID: 6863446590429943723}
    m_Modifications:
    - target: {fileID: 7372964248855938400, guid: 1c2af3e6d79a71e4caeb5c2e2681fece,
        type: 3}
      propertyPath: m_LocalPosition.x
      value: 0
      objectReference: {fileID: 0}
    - target: {fileID: 7372964248855938400, guid: 1c2af3e6d79a71e4caeb5c2e2681fece,
        type: 3}
      propertyPath: m_LocalPosition.y
      value: -109.02167
      objectReference: {fileID: 0}
    - target: {fileID: 7372964248855938400, guid: 1c2af3e6d79a71e4caeb5c2e2681fece,
        type: 3}
      propertyPath: m_LocalPosition.z
      value: -197.33838
      objectReference: {fileID: 0}
    - target: {fileID: 7372964248855938400, guid: 1c2af3e6d79a71e4caeb5c2e2681fece,
        type: 3}
      propertyPath: m_LocalRotation.x
      value: -0.07155234
      objectReference: {fileID: 0}
    - target: {fileID: 7372964248855938400, guid: 1c2af3e6d79a71e4caeb5c2e2681fece,
        type: 3}
      propertyPath: m_LocalRotation.y
      value: 0.14250422
      objectReference: {fileID: 0}
    - target: {fileID: 7372964248855938400, guid: 1c2af3e6d79a71e4caeb5c2e2681fece,
        type: 3}
      propertyPath: m_LocalRotation.z
      value: 0.010329229
      objectReference: {fileID: 0}
    - target: {fileID: 7372964248855938400, guid: 1c2af3e6d79a71e4caeb5c2e2681fece,
        type: 3}
      propertyPath: m_LocalRotation.w
      value: 0.98715055
      objectReference: {fileID: 0}
    - target: {fileID: 7372964248855938400, guid: 1c2af3e6d79a71e4caeb5c2e2681fece,
        type: 3}
      propertyPath: m_RootOrder
      value: 2
      objectReference: {fileID: 0}
    - target: {fileID: 7372964248855938400, guid: 1c2af3e6d79a71e4caeb5c2e2681fece,
        type: 3}
      propertyPath: m_LocalEulerAnglesHint.x
      value: -8.292001
      objectReference: {fileID: 0}
    - target: {fileID: 7372964248855938400, guid: 1c2af3e6d79a71e4caeb5c2e2681fece,
        type: 3}
      propertyPath: m_LocalEulerAnglesHint.y
      value: 16.429
      objectReference: {fileID: 0}
    - target: {fileID: 7372964248855938400, guid: 1c2af3e6d79a71e4caeb5c2e2681fece,
        type: 3}
      propertyPath: m_LocalEulerAnglesHint.z
      value: 0
      objectReference: {fileID: 0}
    - target: {fileID: 7372964248855938401, guid: 1c2af3e6d79a71e4caeb5c2e2681fece,
        type: 3}
      propertyPath: m_Name
      value: Base
      objectReference: {fileID: 0}
    m_RemovedComponents: []
  m_SourcePrefab: {fileID: 100100000, guid: 1c2af3e6d79a71e4caeb5c2e2681fece, type: 3}
--- !u!4 &6863446589091252111 stripped
Transform:
  m_CorrespondingSourceObject: {fileID: 7372964248855938400, guid: 1c2af3e6d79a71e4caeb5c2e2681fece,
    type: 3}
  m_PrefabInstance: {fileID: 4138205133115753199}
  m_PrefabAsset: {fileID: 0}
--- !u!1001 &6399312063623883600
PrefabInstance:
  m_ObjectHideFlags: 0
  serializedVersion: 2
  m_Modification:
    m_TransformParent: {fileID: 9114391924516539675}
    m_Modifications:
    - target: {fileID: 212915725209835320, guid: 013d47d837334874e9af57f35307f430,
        type: 3}
      propertyPath: m_Name
      value: Player Name Text
      objectReference: {fileID: 0}
    - target: {fileID: 1659089511344484006, guid: 013d47d837334874e9af57f35307f430,
        type: 3}
      propertyPath: m_firstOverflowCharacterIndex
      value: -1
      objectReference: {fileID: 0}
    - target: {fileID: 1659089511344484006, guid: 013d47d837334874e9af57f35307f430,
        type: 3}
      propertyPath: m_textInfo.lineCount
      value: 1
      objectReference: {fileID: 0}
    - target: {fileID: 1659089511344484006, guid: 013d47d837334874e9af57f35307f430,
        type: 3}
      propertyPath: m_text
      value: Erling Haaland
      objectReference: {fileID: 0}
    - target: {fileID: 1659089511344484006, guid: 013d47d837334874e9af57f35307f430,
        type: 3}
      propertyPath: m_fontStyle
      value: 1
      objectReference: {fileID: 0}
    - target: {fileID: 1659089511344484006, guid: 013d47d837334874e9af57f35307f430,
        type: 3}
      propertyPath: m_textInfo.characterCount
      value: 14
      objectReference: {fileID: 0}
    - target: {fileID: 2947879183972371901, guid: 013d47d837334874e9af57f35307f430,
        type: 3}
      propertyPath: m_AnchorMin.y
      value: 0.5
      objectReference: {fileID: 0}
    - target: {fileID: 2947879183972371901, guid: 013d47d837334874e9af57f35307f430,
        type: 3}
      propertyPath: m_AnchorMax.y
      value: 0.5
      objectReference: {fileID: 0}
    - target: {fileID: 2947879183972371901, guid: 013d47d837334874e9af57f35307f430,
        type: 3}
      propertyPath: m_AnchoredPosition.x
      value: -19.1
      objectReference: {fileID: 0}
    - target: {fileID: 2947879183972371901, guid: 013d47d837334874e9af57f35307f430,
        type: 3}
      propertyPath: m_AnchoredPosition.y
      value: 0
      objectReference: {fileID: 0}
    - target: {fileID: 2947879183972371901, guid: 013d47d837334874e9af57f35307f430,
        type: 3}
      propertyPath: m_SizeDelta.x
      value: -38.2
      objectReference: {fileID: 0}
    - target: {fileID: 2947879183972371901, guid: 013d47d837334874e9af57f35307f430,
        type: 3}
      propertyPath: m_SizeDelta.y
      value: 79.5
      objectReference: {fileID: 0}
    - target: {fileID: 2947879183972371901, guid: 013d47d837334874e9af57f35307f430,
        type: 3}
      propertyPath: m_AnchorMax.x
      value: 1
      objectReference: {fileID: 0}
    - target: {fileID: 6516328304211019493, guid: 013d47d837334874e9af57f35307f430,
        type: 3}
      propertyPath: m_text
      value: Erling Haaland
      objectReference: {fileID: 0}
    - target: {fileID: 6516328304211019493, guid: 013d47d837334874e9af57f35307f430,
        type: 3}
      propertyPath: m_firstOverflowCharacterIndex
      value: -1
      objectReference: {fileID: 0}
    - target: {fileID: 6516328304211019493, guid: 013d47d837334874e9af57f35307f430,
        type: 3}
      propertyPath: m_textInfo.lineCount
      value: 1
      objectReference: {fileID: 0}
    - target: {fileID: 6516328304211019493, guid: 013d47d837334874e9af57f35307f430,
        type: 3}
      propertyPath: m_textInfo.characterCount
      value: 14
      objectReference: {fileID: 0}
    - target: {fileID: 6516328304211019493, guid: 013d47d837334874e9af57f35307f430,
        type: 3}
      propertyPath: m_textInfo.spaceCount
      value: 1
      objectReference: {fileID: 0}
    - target: {fileID: 6516328304211019493, guid: 013d47d837334874e9af57f35307f430,
        type: 3}
      propertyPath: m_textInfo.wordCount
      value: 2
      objectReference: {fileID: 0}
    - target: {fileID: 6516328304211019493, guid: 013d47d837334874e9af57f35307f430,
        type: 3}
      propertyPath: m_fontStyle
      value: 1
      objectReference: {fileID: 0}
    - target: {fileID: 6516328304211019493, guid: 013d47d837334874e9af57f35307f430,
        type: 3}
      propertyPath: m_textAlignment
      value: 514
      objectReference: {fileID: 0}
    - target: {fileID: 6815645070813419872, guid: 013d47d837334874e9af57f35307f430,
        type: 3}
      propertyPath: m_AnchorMin.y
      value: 1
      objectReference: {fileID: 0}
    - target: {fileID: 6815645070813419872, guid: 013d47d837334874e9af57f35307f430,
        type: 3}
      propertyPath: m_AnchorMax.y
      value: 1
      objectReference: {fileID: 0}
    - target: {fileID: 6815645070813419872, guid: 013d47d837334874e9af57f35307f430,
        type: 3}
      propertyPath: m_AnchoredPosition.x
      value: 225
      objectReference: {fileID: 0}
    - target: {fileID: 6815645070813419872, guid: 013d47d837334874e9af57f35307f430,
        type: 3}
      propertyPath: m_AnchoredPosition.y
      value: -125.15754
      objectReference: {fileID: 0}
    - target: {fileID: 6815645070813419872, guid: 013d47d837334874e9af57f35307f430,
        type: 3}
      propertyPath: m_SizeDelta.x
      value: 450
      objectReference: {fileID: 0}
    - target: {fileID: 6815645070813419872, guid: 013d47d837334874e9af57f35307f430,
        type: 3}
      propertyPath: m_SizeDelta.y
      value: 250.31508
      objectReference: {fileID: 0}
    - target: {fileID: 9063444604770821730, guid: 013d47d837334874e9af57f35307f430,
        type: 3}
      propertyPath: m_AnchorMin.y
      value: 0
      objectReference: {fileID: 0}
    - target: {fileID: 9063444604770821730, guid: 013d47d837334874e9af57f35307f430,
        type: 3}
      propertyPath: m_AnchorMax.y
      value: 0
      objectReference: {fileID: 0}
    - target: {fileID: 9063444604770821730, guid: 013d47d837334874e9af57f35307f430,
        type: 3}
      propertyPath: m_AnchoredPosition.x
      value: 0
      objectReference: {fileID: 0}
    - target: {fileID: 9063444604770821730, guid: 013d47d837334874e9af57f35307f430,
        type: 3}
      propertyPath: m_AnchoredPosition.y
      value: 0
      objectReference: {fileID: 0}
    - target: {fileID: 9063444604770821730, guid: 013d47d837334874e9af57f35307f430,
        type: 3}
      propertyPath: m_SizeDelta.x
      value: 0
      objectReference: {fileID: 0}
    - target: {fileID: 9063444604770821730, guid: 013d47d837334874e9af57f35307f430,
        type: 3}
      propertyPath: m_SizeDelta.y
      value: 0
      objectReference: {fileID: 0}
    - target: {fileID: 9063444604856972708, guid: 013d47d837334874e9af57f35307f430,
        type: 3}
      propertyPath: m_AnchorMin.y
      value: 0
      objectReference: {fileID: 0}
    - target: {fileID: 9063444604856972708, guid: 013d47d837334874e9af57f35307f430,
        type: 3}
      propertyPath: m_AnchorMax.y
      value: 0
      objectReference: {fileID: 0}
    - target: {fileID: 9063444604856972708, guid: 013d47d837334874e9af57f35307f430,
        type: 3}
      propertyPath: m_AnchoredPosition.x
      value: 0
      objectReference: {fileID: 0}
    - target: {fileID: 9063444604856972708, guid: 013d47d837334874e9af57f35307f430,
        type: 3}
      propertyPath: m_AnchoredPosition.y
      value: 0
      objectReference: {fileID: 0}
    - target: {fileID: 9063444604856972708, guid: 013d47d837334874e9af57f35307f430,
        type: 3}
      propertyPath: m_SizeDelta.x
      value: 0
      objectReference: {fileID: 0}
    - target: {fileID: 9063444604856972708, guid: 013d47d837334874e9af57f35307f430,
        type: 3}
      propertyPath: m_SizeDelta.y
      value: 0
      objectReference: {fileID: 0}
    - target: {fileID: 9063444605961760784, guid: 013d47d837334874e9af57f35307f430,
        type: 3}
      propertyPath: m_MinWidth
      value: 100
      objectReference: {fileID: 0}
    - target: {fileID: 9063444605961760784, guid: 013d47d837334874e9af57f35307f430,
        type: 3}
      propertyPath: m_PreferredHeight
      value: 50
      objectReference: {fileID: 0}
    - target: {fileID: 9063444605961760786, guid: 013d47d837334874e9af57f35307f430,
        type: 3}
      propertyPath: m_LocalPosition.x
      value: 0
      objectReference: {fileID: 0}
    - target: {fileID: 9063444605961760786, guid: 013d47d837334874e9af57f35307f430,
        type: 3}
      propertyPath: m_LocalPosition.y
      value: 0
      objectReference: {fileID: 0}
    - target: {fileID: 9063444605961760786, guid: 013d47d837334874e9af57f35307f430,
        type: 3}
      propertyPath: m_LocalPosition.z
      value: 0
      objectReference: {fileID: 0}
    - target: {fileID: 9063444605961760786, guid: 013d47d837334874e9af57f35307f430,
        type: 3}
      propertyPath: m_LocalRotation.x
      value: -0
      objectReference: {fileID: 0}
    - target: {fileID: 9063444605961760786, guid: 013d47d837334874e9af57f35307f430,
        type: 3}
      propertyPath: m_LocalRotation.y
      value: -0
      objectReference: {fileID: 0}
    - target: {fileID: 9063444605961760786, guid: 013d47d837334874e9af57f35307f430,
        type: 3}
      propertyPath: m_LocalRotation.z
      value: -0
      objectReference: {fileID: 0}
    - target: {fileID: 9063444605961760786, guid: 013d47d837334874e9af57f35307f430,
        type: 3}
      propertyPath: m_LocalRotation.w
      value: 1
      objectReference: {fileID: 0}
    - target: {fileID: 9063444605961760786, guid: 013d47d837334874e9af57f35307f430,
        type: 3}
      propertyPath: m_RootOrder
      value: 0
      objectReference: {fileID: 0}
    - target: {fileID: 9063444605961760786, guid: 013d47d837334874e9af57f35307f430,
        type: 3}
      propertyPath: m_LocalEulerAnglesHint.x
      value: 0
      objectReference: {fileID: 0}
    - target: {fileID: 9063444605961760786, guid: 013d47d837334874e9af57f35307f430,
        type: 3}
      propertyPath: m_LocalEulerAnglesHint.y
      value: 0
      objectReference: {fileID: 0}
    - target: {fileID: 9063444605961760786, guid: 013d47d837334874e9af57f35307f430,
        type: 3}
      propertyPath: m_LocalEulerAnglesHint.z
      value: 0
      objectReference: {fileID: 0}
    - target: {fileID: 9063444605961760786, guid: 013d47d837334874e9af57f35307f430,
        type: 3}
      propertyPath: m_AnchoredPosition.x
      value: 0
      objectReference: {fileID: 0}
    - target: {fileID: 9063444605961760786, guid: 013d47d837334874e9af57f35307f430,
        type: 3}
      propertyPath: m_AnchoredPosition.y
      value: 0
      objectReference: {fileID: 0}
    - target: {fileID: 9063444605961760786, guid: 013d47d837334874e9af57f35307f430,
        type: 3}
      propertyPath: m_SizeDelta.x
      value: 0
      objectReference: {fileID: 0}
    - target: {fileID: 9063444605961760786, guid: 013d47d837334874e9af57f35307f430,
        type: 3}
      propertyPath: m_SizeDelta.y
      value: 0
      objectReference: {fileID: 0}
    - target: {fileID: 9063444605961760786, guid: 013d47d837334874e9af57f35307f430,
        type: 3}
      propertyPath: m_AnchorMin.x
      value: 0
      objectReference: {fileID: 0}
    - target: {fileID: 9063444605961760786, guid: 013d47d837334874e9af57f35307f430,
        type: 3}
      propertyPath: m_AnchorMin.y
      value: 0
      objectReference: {fileID: 0}
    - target: {fileID: 9063444605961760786, guid: 013d47d837334874e9af57f35307f430,
        type: 3}
      propertyPath: m_AnchorMax.x
      value: 0
      objectReference: {fileID: 0}
    - target: {fileID: 9063444605961760786, guid: 013d47d837334874e9af57f35307f430,
        type: 3}
      propertyPath: m_AnchorMax.y
      value: 0
      objectReference: {fileID: 0}
    - target: {fileID: 9063444605961760786, guid: 013d47d837334874e9af57f35307f430,
        type: 3}
      propertyPath: m_Pivot.x
      value: 0.5
      objectReference: {fileID: 0}
    - target: {fileID: 9063444605961760786, guid: 013d47d837334874e9af57f35307f430,
        type: 3}
      propertyPath: m_Pivot.y
      value: 1
      objectReference: {fileID: 0}
    - target: {fileID: 9063444605961760787, guid: 013d47d837334874e9af57f35307f430,
        type: 3}
      propertyPath: m_Name
      value: Player Name
      objectReference: {fileID: 0}
    - target: {fileID: 9063444605961760797, guid: 013d47d837334874e9af57f35307f430,
        type: 3}
      propertyPath: m_Enabled
      value: 0
      objectReference: {fileID: 0}
    - target: {fileID: 9063444605961760799, guid: 013d47d837334874e9af57f35307f430,
        type: 3}
      propertyPath: m_Enabled
      value: 1
      objectReference: {fileID: 0}
    - target: {fileID: 9063444605961760799, guid: 013d47d837334874e9af57f35307f430,
        type: 3}
      propertyPath: m_Color.r
      value: 1
      objectReference: {fileID: 0}
    - target: {fileID: 9063444605961760799, guid: 013d47d837334874e9af57f35307f430,
        type: 3}
      propertyPath: m_Color.g
      value: 1
      objectReference: {fileID: 0}
    - target: {fileID: 9063444605961760799, guid: 013d47d837334874e9af57f35307f430,
        type: 3}
      propertyPath: m_Color.b
      value: 1
      objectReference: {fileID: 0}
    - target: {fileID: 9063444605961760799, guid: 013d47d837334874e9af57f35307f430,
        type: 3}
      propertyPath: m_Sprite
      value: 
      objectReference: {fileID: 0}
    - target: {fileID: 9063444606159246660, guid: 013d47d837334874e9af57f35307f430,
        type: 3}
      propertyPath: m_AnchorMin.y
      value: 0
      objectReference: {fileID: 0}
    - target: {fileID: 9063444606159246660, guid: 013d47d837334874e9af57f35307f430,
        type: 3}
      propertyPath: m_AnchorMax.y
      value: 0
      objectReference: {fileID: 0}
    - target: {fileID: 9063444606159246660, guid: 013d47d837334874e9af57f35307f430,
        type: 3}
      propertyPath: m_AnchoredPosition.x
      value: 0
      objectReference: {fileID: 0}
    - target: {fileID: 9063444606159246660, guid: 013d47d837334874e9af57f35307f430,
        type: 3}
      propertyPath: m_AnchoredPosition.y
      value: 0
      objectReference: {fileID: 0}
    - target: {fileID: 9063444606159246660, guid: 013d47d837334874e9af57f35307f430,
        type: 3}
      propertyPath: m_SizeDelta.x
      value: 0
      objectReference: {fileID: 0}
    - target: {fileID: 9063444606159246660, guid: 013d47d837334874e9af57f35307f430,
        type: 3}
      propertyPath: m_SizeDelta.y
      value: 0
      objectReference: {fileID: 0}
    - target: {fileID: 9063444606179535274, guid: 013d47d837334874e9af57f35307f430,
        type: 3}
      propertyPath: m_textInfo.characterCount
      value: 5
      objectReference: {fileID: 0}
    - target: {fileID: 9063444606179535274, guid: 013d47d837334874e9af57f35307f430,
        type: 3}
      propertyPath: m_textInfo.spaceCount
      value: 1
      objectReference: {fileID: 0}
    - target: {fileID: 9063444606179535274, guid: 013d47d837334874e9af57f35307f430,
        type: 3}
      propertyPath: m_textInfo.wordCount
      value: 2
      objectReference: {fileID: 0}
    - target: {fileID: 9063444606179535274, guid: 013d47d837334874e9af57f35307f430,
        type: 3}
      propertyPath: m_textInfo.lineCount
      value: 1
      objectReference: {fileID: 0}
    - target: {fileID: 9063444606179535274, guid: 013d47d837334874e9af57f35307f430,
        type: 3}
      propertyPath: m_textInfo.pageCount
      value: 1
      objectReference: {fileID: 0}
    - target: {fileID: 9063444606179535274, guid: 013d47d837334874e9af57f35307f430,
        type: 3}
      propertyPath: m_firstOverflowCharacterIndex
      value: 0
      objectReference: {fileID: 0}
    - target: {fileID: 9063444606211685577, guid: 013d47d837334874e9af57f35307f430,
        type: 3}
      propertyPath: m_textInfo.characterCount
      value: 16
      objectReference: {fileID: 0}
    - target: {fileID: 9063444606211685577, guid: 013d47d837334874e9af57f35307f430,
        type: 3}
      propertyPath: m_textInfo.spaceCount
      value: 1
      objectReference: {fileID: 0}
    - target: {fileID: 9063444606211685577, guid: 013d47d837334874e9af57f35307f430,
        type: 3}
      propertyPath: m_textInfo.wordCount
      value: 2
      objectReference: {fileID: 0}
    - target: {fileID: 9063444606211685577, guid: 013d47d837334874e9af57f35307f430,
        type: 3}
      propertyPath: m_textInfo.lineCount
      value: 1
      objectReference: {fileID: 0}
    - target: {fileID: 9063444606211685577, guid: 013d47d837334874e9af57f35307f430,
        type: 3}
      propertyPath: m_textInfo.pageCount
      value: 1
      objectReference: {fileID: 0}
    - target: {fileID: 9063444606377751595, guid: 013d47d837334874e9af57f35307f430,
        type: 3}
      propertyPath: m_textInfo.characterCount
      value: 16
      objectReference: {fileID: 0}
    - target: {fileID: 9063444606377751595, guid: 013d47d837334874e9af57f35307f430,
        type: 3}
      propertyPath: m_textInfo.spaceCount
      value: 2
      objectReference: {fileID: 0}
    - target: {fileID: 9063444606377751595, guid: 013d47d837334874e9af57f35307f430,
        type: 3}
      propertyPath: m_textInfo.wordCount
      value: 3
      objectReference: {fileID: 0}
    - target: {fileID: 9063444606377751595, guid: 013d47d837334874e9af57f35307f430,
        type: 3}
      propertyPath: m_textInfo.lineCount
      value: 1
      objectReference: {fileID: 0}
    - target: {fileID: 9063444606377751595, guid: 013d47d837334874e9af57f35307f430,
        type: 3}
      propertyPath: m_textInfo.pageCount
      value: 1
      objectReference: {fileID: 0}
    - target: {fileID: 9063444606377751596, guid: 013d47d837334874e9af57f35307f430,
        type: 3}
      propertyPath: m_AnchorMin.y
      value: 0
      objectReference: {fileID: 0}
    - target: {fileID: 9063444606377751596, guid: 013d47d837334874e9af57f35307f430,
        type: 3}
      propertyPath: m_AnchorMax.y
      value: 0
      objectReference: {fileID: 0}
    - target: {fileID: 9063444606377751596, guid: 013d47d837334874e9af57f35307f430,
        type: 3}
      propertyPath: m_AnchoredPosition.x
      value: 0
      objectReference: {fileID: 0}
    - target: {fileID: 9063444606377751596, guid: 013d47d837334874e9af57f35307f430,
        type: 3}
      propertyPath: m_AnchoredPosition.y
      value: 0
      objectReference: {fileID: 0}
    - target: {fileID: 9063444606377751596, guid: 013d47d837334874e9af57f35307f430,
        type: 3}
      propertyPath: m_SizeDelta.x
      value: 0
      objectReference: {fileID: 0}
    - target: {fileID: 9063444606377751596, guid: 013d47d837334874e9af57f35307f430,
        type: 3}
      propertyPath: m_SizeDelta.y
      value: 0
      objectReference: {fileID: 0}
    m_RemovedComponents:
    - {fileID: 9063444605961760785, guid: 013d47d837334874e9af57f35307f430, type: 3}
  m_SourcePrefab: {fileID: 100100000, guid: 013d47d837334874e9af57f35307f430, type: 3}
--- !u!224 &2668733196554443586 stripped
RectTransform:
  m_CorrespondingSourceObject: {fileID: 9063444605961760786, guid: 013d47d837334874e9af57f35307f430,
    type: 3}
  m_PrefabInstance: {fileID: 6399312063623883600}
  m_PrefabAsset: {fileID: 0}
--- !u!1001 &6863446589817033054
PrefabInstance:
  m_ObjectHideFlags: 0
  serializedVersion: 2
  m_Modification:
    m_TransformParent: {fileID: 6863446590429943723}
    m_Modifications:
    - target: {fileID: 6779513127055377109, guid: 66ba7f2e3fc1dcb47af1d3adb2e913d5,
        type: 3}
      propertyPath: m_LocalPosition.x
      value: 19
      objectReference: {fileID: 0}
    - target: {fileID: 6779513127055377109, guid: 66ba7f2e3fc1dcb47af1d3adb2e913d5,
        type: 3}
      propertyPath: m_LocalPosition.y
      value: 85
      objectReference: {fileID: 0}
    - target: {fileID: 6779513127055377109, guid: 66ba7f2e3fc1dcb47af1d3adb2e913d5,
        type: 3}
      propertyPath: m_LocalPosition.z
      value: -204
      objectReference: {fileID: 0}
    - target: {fileID: 6779513127055377109, guid: 66ba7f2e3fc1dcb47af1d3adb2e913d5,
        type: 3}
      propertyPath: m_LocalRotation.x
      value: -0.0690776
      objectReference: {fileID: 0}
    - target: {fileID: 6779513127055377109, guid: 66ba7f2e3fc1dcb47af1d3adb2e913d5,
        type: 3}
      propertyPath: m_LocalRotation.y
      value: 0.13883407
      objectReference: {fileID: 0}
    - target: {fileID: 6779513127055377109, guid: 66ba7f2e3fc1dcb47af1d3adb2e913d5,
        type: 3}
      propertyPath: m_LocalRotation.z
      value: 0.009708223
      objectReference: {fileID: 0}
    - target: {fileID: 6779513127055377109, guid: 66ba7f2e3fc1dcb47af1d3adb2e913d5,
        type: 3}
      propertyPath: m_LocalRotation.w
      value: 0.98785585
      objectReference: {fileID: 0}
    - target: {fileID: 6779513127055377109, guid: 66ba7f2e3fc1dcb47af1d3adb2e913d5,
        type: 3}
      propertyPath: m_RootOrder
      value: 0
      objectReference: {fileID: 0}
    - target: {fileID: 6779513127055377109, guid: 66ba7f2e3fc1dcb47af1d3adb2e913d5,
        type: 3}
      propertyPath: m_LocalEulerAnglesHint.x
      value: -8
      objectReference: {fileID: 0}
    - target: {fileID: 6779513127055377109, guid: 66ba7f2e3fc1dcb47af1d3adb2e913d5,
        type: 3}
      propertyPath: m_LocalEulerAnglesHint.y
      value: 16
      objectReference: {fileID: 0}
    - target: {fileID: 6779513127055377109, guid: 66ba7f2e3fc1dcb47af1d3adb2e913d5,
        type: 3}
      propertyPath: m_LocalEulerAnglesHint.z
      value: 0
      objectReference: {fileID: 0}
    - target: {fileID: 6779513127055377113, guid: 66ba7f2e3fc1dcb47af1d3adb2e913d5,
        type: 3}
      propertyPath: m_Name
      value: Player 3D
      objectReference: {fileID: 0}
    m_RemovedComponents: []
  m_SourcePrefab: {fileID: 100100000, guid: 66ba7f2e3fc1dcb47af1d3adb2e913d5, type: 3}
--- !u!4 &84010428846494603 stripped
Transform:
  m_CorrespondingSourceObject: {fileID: 6779513127055377109, guid: 66ba7f2e3fc1dcb47af1d3adb2e913d5,
    type: 3}
  m_PrefabInstance: {fileID: 6863446589817033054}
  m_PrefabAsset: {fileID: 0}
--- !u!1001 &7782407109204447153
PrefabInstance:
  m_ObjectHideFlags: 0
  serializedVersion: 2
  m_Modification:
    m_TransformParent: {fileID: 6863446590429943723}
    m_Modifications:
    - target: {fileID: 3692800267832671272, guid: 17cf0a8b9e2c9074c994d2010883e026,
        type: 3}
      propertyPath: m_LocalPosition.x
      value: 0
      objectReference: {fileID: 0}
    - target: {fileID: 3692800267832671272, guid: 17cf0a8b9e2c9074c994d2010883e026,
        type: 3}
      propertyPath: m_LocalPosition.y
      value: 0
      objectReference: {fileID: 0}
    - target: {fileID: 3692800267832671272, guid: 17cf0a8b9e2c9074c994d2010883e026,
        type: 3}
      propertyPath: m_LocalPosition.z
      value: -363
      objectReference: {fileID: 0}
    - target: {fileID: 3692800267832671272, guid: 17cf0a8b9e2c9074c994d2010883e026,
        type: 3}
      propertyPath: m_LocalRotation.x
      value: -0.7071068
      objectReference: {fileID: 0}
    - target: {fileID: 3692800267832671272, guid: 17cf0a8b9e2c9074c994d2010883e026,
        type: 3}
      propertyPath: m_LocalRotation.y
      value: -0
      objectReference: {fileID: 0}
    - target: {fileID: 3692800267832671272, guid: 17cf0a8b9e2c9074c994d2010883e026,
        type: 3}
      propertyPath: m_LocalRotation.z
      value: -0
      objectReference: {fileID: 0}
    - target: {fileID: 3692800267832671272, guid: 17cf0a8b9e2c9074c994d2010883e026,
        type: 3}
      propertyPath: m_LocalRotation.w
      value: 0.7071068
      objectReference: {fileID: 0}
    - target: {fileID: 3692800267832671272, guid: 17cf0a8b9e2c9074c994d2010883e026,
        type: 3}
      propertyPath: m_RootOrder
      value: 1
      objectReference: {fileID: 0}
    - target: {fileID: 3692800267832671272, guid: 17cf0a8b9e2c9074c994d2010883e026,
        type: 3}
      propertyPath: m_LocalEulerAnglesHint.x
      value: -90
      objectReference: {fileID: 0}
    - target: {fileID: 3692800267832671272, guid: 17cf0a8b9e2c9074c994d2010883e026,
        type: 3}
      propertyPath: m_LocalEulerAnglesHint.y
      value: 0
      objectReference: {fileID: 0}
    - target: {fileID: 3692800267832671272, guid: 17cf0a8b9e2c9074c994d2010883e026,
        type: 3}
      propertyPath: m_LocalEulerAnglesHint.z
      value: 0
      objectReference: {fileID: 0}
    - target: {fileID: 3692800267832671287, guid: 17cf0a8b9e2c9074c994d2010883e026,
        type: 3}
      propertyPath: m_Name
      value: Level Up Particle System
      objectReference: {fileID: 0}
    m_RemovedComponents: []
  m_SourcePrefab: {fileID: 100100000, guid: 17cf0a8b9e2c9074c994d2010883e026, type: 3}
--- !u!4 &6863446590459818905 stripped
Transform:
  m_CorrespondingSourceObject: {fileID: 3692800267832671272, guid: 17cf0a8b9e2c9074c994d2010883e026,
    type: 3}
  m_PrefabInstance: {fileID: 7782407109204447153}
  m_PrefabAsset: {fileID: 0}
